@article{agarwal2018demand,
  title={Demand Analysis using Strategic Reports: An application to a school choice mechanism},
  author={Agarwal, Nikhil and Somaini, Paulo},
  journal={Econometrica},
  volume={86},
  number={2},
  pages={391--444},
  year={2018},
  publisher={Wiley Online Library}
}
@article{berry2007pure,
  title={The pure characteristics demand model},
  author={Berry, Steven and Pakes, Ariel},
  journal={International Economic Review},
  volume={48},
  number={4},
  pages={1193--1225},
  year={2007},
  publisher={Wiley Online Library}
}